<?xml version='1.0' encoding='UTF-8'?>
<record xmlns="http://www.loc.gov/MARC21/slim">
  <leader>01511cam a2200325 a 4500</leader>
  <controlfield tag="001">2766216</controlfield>
  <controlfield tag="003">NjP</controlfield>
  <controlfield tag="005">20171010174921.0</controlfield>
  <controlfield tag="008">930203q19401949ua            000 0 arard</controlfield>
  <datafield tag="024" ind1="7" ind2=" ">
    <subfield code="a">princeton_aco002350</subfield>
    <subfield code="2">local</subfield>
  </datafield>
  <datafield ind1=" " ind2=" " tag="035">
    <subfield code="a">(OCoLC)ocn178366900</subfield>
  </datafield>
  <datafield ind1=" " ind2=" " tag="035">
    <subfield code="a">(OCoLC)ocm27367004</subfield>
  </datafield>
  <datafield ind1=" " ind2=" " tag="035">
    <subfield code="a">(OCoLC)178366900</subfield>
  </datafield>
  <datafield ind1=" " ind2=" " tag="035">
    <subfield code="9">CNG1987TS</subfield>
  </datafield>
  <datafield ind1=" " ind2=" " tag="035">
    <subfield code="a">(NjP)2766216</subfield>
  </datafield>
  <datafield ind1=" " ind2=" " tag="040">
    <subfield code="a">AZU</subfield>
    <subfield code="c">PUL</subfield>
    <subfield code="d">PUL</subfield>
  </datafield>
  <datafield ind1=" " ind2=" " tag="049">
    <subfield code="a">PULL</subfield>
  </datafield>
  <datafield ind1=" " ind2=" " tag="079">
    <subfield code="a">ocm27367004</subfield>
  </datafield>
  <datafield ind1="1" ind2=" " tag="100">
    <subfield code="6">880-01</subfield>
    <subfield code="a">Raḍwān, ʻAbd al-Raḥmān Muṣṭafa'.</subfield>
  </datafield>
  <datafield ind1="1" ind2="0" tag="245">
    <subfield code="6">880-02</subfield>
    <subfield code="a">ʻAlī Māḥir :</subfield>
    <subfield code="b">shakhsīyat al-jīl: namāzig wa suwar fī al-ʼijtimāʻ wa-al-tarbīyah wa-al-dīmuqrāṭīyah wa-al-tārīkh al-Qawmi /</subfield>
    <subfield code="c">ʻAbd al-Raḥmān Muṣṭafa' Radwān.</subfield>
  </datafield>
  <datafield ind1=" " ind2=" " tag="260">
    <subfield code="6">880-03</subfield>
    <subfield code="a">[al-Qāhirah :</subfield>
    <subfield code="b">s.n. ;</subfield>
    <subfield code="c">194-]</subfield>
  </datafield>
  <datafield ind1=" " ind2=" " tag="300">
    <subfield code="a">4, 280 p., [2] leaves of plates :</subfield>
    <subfield code="b">ports. ;</subfield>
    <subfield code="c">16 cm .</subfield>
  </datafield>
  <datafield ind1="1" ind2="0" tag="600">
    <subfield code="6">880-04</subfield>
    <subfield code="a">Māhir, ʻAlī,</subfield>
    <subfield code="d">1883?-1961.</subfield>
  </datafield>
  <datafield ind1=" " ind2="0" tag="650">
    <subfield code="a">Statesmen</subfield>
    <subfield code="z">Egypt</subfield>
    <subfield code="v">Biography.</subfield>
    <subfield code="0">http://id.loc.gov/authorities/subjects/sh2008112244</subfield>
  </datafield>
  <datafield ind1="1" ind2=" " tag="880">
    <subfield code="6">100-01/r</subfield>
    <subfield code="a">رضوان، عبد الرحمن مصطف'.</subfield>
  </datafield>
  <datafield ind1="1" ind2="0" tag="880">
    <subfield code="6">245-02/r</subfield>
    <subfield code="a">علي ماحر :</subfield>
    <subfield code="b">شخسية الجيل: نمازگ و سور في الئجتماع والتربية والديمقراطية والتاريخ القوم /</subfield>
    <subfield code="c">عبد الرحمن مصطف' ردوان.</subfield>
  </datafield>
  <datafield ind1=" " ind2=" " tag="880">
    <subfield code="6">260-03/r</subfield>
    <subfield code="a">[القاهرة :</subfield>
    <subfield code="b">س.ن. ؛</subfield>
    <subfield code="c">194-]</subfield>
  </datafield>
  <datafield ind1="1" ind2="0" tag="880">
    <subfield code="6">600-04/r</subfield>
    <subfield code="a">ماهر، علي،</subfield>
    <subfield code="d">1883؟1961.</subfield>
  </datafield>
  <datafield ind1=" " ind2=" " tag="911">
    <subfield code="a">20000130</subfield>
  </datafield>
  <datafield ind1=" " ind2=" " tag="994">
    <subfield code="a">C0</subfield>
    <subfield code="b">PUL</subfield>
  </datafield>
  <datafield ind1=" " ind2=" " tag="999">
    <subfield code="a">2766216</subfield>
  </datafield>
  <datafield ind1="0" ind2="0" tag="852">
    <subfield code="0">3077025</subfield>
    <subfield code="b">nec</subfield>
    <subfield code="t">1</subfield>
    <subfield code="h">DT107.2.M34</subfield>
    <subfield code="i">R339 1940z</subfield>
  </datafield>
  <datafield ind1=" " ind2=" " tag="959">
    <subfield code="a">2009-07-01 14:36:50 -0400</subfield>
  </datafield>
</record>
